

@InProceedings{Pregel2010,
    author = {Grzegorz Malewicz and Matthew H. Austern and Aart J. C. Bik and James C. Dehnert and Ilan Horn and Naty Leiser and Grzegorz Czajkowski},
    title = {{Pregel}: A System for Large-Scale Graph Processing},
    booktitle = {Proceedings of SIGMOD},
    month = jun,
    year = 2010,
    publisher = {ACM},
    address={Indianapolis, IA, USA},
    editor = {},
    pages = {},
}

@article{Valiant1990,
 author = {Leslie G. Valiant},
 title = {A Bridging Model for Parallel Computation},
 journal = {Commun. ACM},
 issue_date = {August 1990},
 volume = {33},
 number = {8},
 month = aug,
 year = {1990},
 issn = {0001-0782},
 pages = {103--111},
 numpages = {9},
 url = {},
 doi = {},
 acmid = {},
 publisher = {ACM},
 address = {},
} 

@article{king1976,
  title={Symbolic execution and program testing},
  author={King, James C},
  journal={Communications of the ACM},
  volume={19},
  number={7},
  pages={385--394},
  year={1976},
  publisher={ACM}
}


@article{dijkstra1978,
  title={On-the-fly garbage collection: An exercise in cooperation},
  author={Dijkstra, Edsger W and Lamport, Leslie and Martin, Alain J and Scholten, Carel S and Steffens, Elisabeth FM},
  journal={Communications of the ACM},
  volume={21},
  number={11},
  pages={966--975},
  year={1978},
  publisher={ACM}
}

@inproceedings{Hudak:1983,
 author = {Hudak, Paul},
 title = {Distributed Task and Memory Management},
 booktitle = {Proceedings of the Second Annual ACM Symposium on Principles of Distributed Computing},
 series = {PODC '83},
 year = {1983},
 isbn = {0-89791-110-5},
 location = {Montreal, Quebec, Canada},
 pages = {277--289},
 numpages = {13},
 url = {http://doi.acm.org/10.1145/800221.806728},
 doi = {10.1145/800221.806728},
 acmid = {806728},
 publisher = {ACM},
 address = {New York, NY, USA},
}

@article{strecker2008modeling,
  title={Modeling and Verifying Graph Transformations in Proof Assistants},
  author={Strecker, Martin},
  journal={Electronic Notes in Theoretical Computer Science},
  volume={1},
  number={203},
  pages={135--148},
  year={2008}
}

@article{hudakdistributed,
  title={Distributed graph marking},
  journal={Res. Rep. 268, Dept. of Comp. Sci., Yale Untv},
  author={Hudak, Paul},
  number={268},
  year={1983}
}

@article{Graphlab2012, author = {Low, Yucheng and Bickson, Danny and Gonzalez, Joseph and Guestrin, Carlos and Kyrola, Aapo and Hellerstein, Joseph M.}, title = {{Distributed GraphLab}: a framework for machine learning and data mining in the cloud}, journal = {VLDB Endowment}, issue_date = {April 2012}, volume = {5}, number = {8}, month = apr, year = {2012}, issn = {}, pages = {716--727}, numpages = {11}, url = {http://doi.acm.org/10.14778/2212351.2212354}, doi = {10.14778/2212351.2212354}, acmid = {}, publisher = {}, address = {}}@inproceedings{Zuhair:Mizan, author = {Khayyat, Zuhair and Awara, Karim and Alonazi, Amani and Jamjoom, Hani and Williams, Dan and Kalnis Panos}, title = {{Mizan}: a system for dynamic load balancing in large-scale graph processing}, booktitle = {Proceedings of the 8th ACM European Conference on Computer Systems}, series = {EuroSys '13}, year = {2013}, isbn = {0978-1-4503-1994-2}, location = {New York, NY, USA}, pages = {169--182}, numpages = {14}, url = {http://doi.acm.org/10.1145/2465351.2465369}, doi = {10.1145/2465351.2465369}, publisher = {ACM}, address = {New York, NY, USA}}@inproceedings{GPS2013, author = {Salihoglu, Semih and Widom, Jennifer}, title = {{GPS}: a graph processing system}, booktitle = {Proceedings of the 825th International Conference on Scientific and Statistical Database Management}, series = {SSDBM '13}, year = {2013}, isbn = {978-1-4503-1921-8 }, location = {New York, NY, USA}, pages = {}, numpages = {}, url = {http://doi.acm.org/10.1145/2484838.2484843}, doi = {10.1145/2484838.2484843}, publisher = {ACM}, address = {New York, NY, USA}}